@article{TLC2272,
author = {{Texas Instruments}},
file = {:E$\backslash$:/Users/Jerri/Downloads/tlc2272.pdf:pdf},
title = {{TLC227x , TLC227xA : Advanced LinCMOS Rail-to-Rail Operational Amplifiers PACKAGE}},
year = {2016}
}
@article{TL081,
author = {{Texas Instruments}},
file = {:E$\backslash$:/Users/Jerri/Downloads/tl081.pdf:pdf},
title = {{TL08xx JFET-Input Operational Amplifiers}},
volume = {082},
year = {2015}
}
