@article{Marais2020,
author = {Marais, Gerthardus Magnus},
file = {:C$\backslash$:/Users/Jerri/OneDrive - Stellenbosch University/3rd Year EE/E Design 344/E344/Reports/Ass1Template{\_}new/EDesignAss1.pdf:pdf},
month = {aug},
title = {{E344 Assignment 1}},
year = {2020}
}
@misc{ElectronicsTutorials,
abstract = {Electronics Tutorial about the Op-amp Comparator and the Op-amp Comparator Circuit used as a voltage comparator to switch between different voltage levels},
author = {{Electronics Tutorials}},
booktitle = {Electronics Tutorials},
title = {{Op-amp Comparator and the Op-amp Comparator Circuit}},
url = {https://www.electronics-tutorials.ws/opamp/op-amp-comparator.html},
urldate = {2020-09-17}
}
@misc{ElectronicsTutorialsa,
author = {{Electronics Tutorials}},
title = {{Low Pass Filter - Passive RC Filter Tutorial}},
url = {https://www.electronics-tutorials.ws/filter/filter{\_}2.html}
}
@misc{ElectronicsTutorials2018,
author = {{Electronics Tutorials}},
title = {{Sallen and Key Filter Design for Second Order RC Filters}},
url = {https://www.electronics-tutorials.ws/filter/sallen-key-filter.html},
urldate = {2020-09-19},
year = {2018}
}
