@article{Gerber:2019,
title = {{Combining grid-tied PV and intelligent water heater control to reduce the energy costs at schools in South Africa}},
journal = "Energy for Sustainable Development",
volume = "50",
pages = "117 - 125",
year = "2019",
issn = "0973-0826",
doi = "https://doi.org/10.1016/j.esd.2019.03.004",
author = "S. Gerber and A. J. Rix and M. J. Booysen",
}


@INPROCEEDINGS{Booysen:2013, 
author={M. J. {Booysen} and S. J. {Andersen} and A. S. {Zeeman}}, 
booktitle={16th International IEEE Conference on Intelligent Transportation Systems (ITSC 2013)}, 
title={{Informal public transport in Sub-Saharan Africa as a vessel for novel Intelligent Transport Systems}}, 
year={2013}, 
volume={}, 
number={}, 
pages={767-772}, 
doi={10.1109/ITSC.2013.6728324}, 
ISSN={2153-0009}, 
month={Oct},}

@misc{WebsiteOpAmp,
author = {{BBC}},
title = {How to make opamps amp op},
url = {www.electronics-tutorials.ws},
year = {2018}
}

@article{Marais2020,
author = {Marais, Gerthardus Magnus},
file = {:C$\backslash$:/Users/Jerri/OneDrive - Stellenbosch University/3rd Year EE/E Design 344/E344/Reports/Ass1Template{\_}new/EDesignAss1.pdf:pdf},
month = {August},
title = {{E344 Assignment 1}},
year = {2020}
}

@misc{Comparator,
abstract = {Electronics Tutorial about the Op-amp Comparator and the Op-amp Comparator Circuit used as a voltage comparator to switch between different voltage levels},
author = {{Electronics Tutorials}},
booktitle = {Electronics Tutorials},
title = {{Op-amp Comparator and the Op-amp Comparator Circuit}},
url = {https://www.electronics-tutorials.ws/opamp/op-amp-comparator.html},
urldate = {2020-09-17}
}

@misc{LPF,
author = {{Electronics Tutorials}},
title = {{Low Pass Filter - Passive RC Filter Tutorial}},
url = {https://www.electronics-tutorials.ws/filter/filter{\_}2.html}
}

@misc{Sallen,
author = {{Electronics Tutorials}},
title = {{Sallen and Key Filter Design for Second Order RC Filters}},
url = {https://www.electronics-tutorials.ws/filter/sallen-key-filter.html},
urldate = {2020-09-19},
year = {2018}
}

@article{TLC2272,
author = {{Texas Instruments}},
file = {:E$\backslash$:/Users/Jerri/Downloads/tlc2272.pdf:pdf},
title = {{TLC227x , TLC227xA : Advanced LinCMOS Rail-to-Rail Operational Amplifiers PACKAGE}},
year = {2016}
}

@article{TL081,
author = {{Texas Instruments}},
file = {:E$\backslash$:/Users/Jerri/Downloads/tl081.pdf:pdf},
title = {{TL08xx JFET-Input Operational Amplifiers}},
volume = {082},
year = {2015}
}