@article{Carter2002,
abstract = {This document discusses how to design an operational amplifier (op amp) with both gain and dc offset. The design requires no theory and very little math, just working designs.},
author = {Carter, Bruce},
file = {:E$\backslash$:/Users/Jerri/Downloads/Gain and Offset.pdf:pdf},
journal = {Design},
keywords = {designing gain and offset,february 2002,in thirty seconds,lication report,sloa097},
number = {February},
pages = {1--15},
title = {{Designing Gain and Offset in Thirty Seconds}},
year = {2002}
}
@article{TLC2272,
author = {{Texas Instruments}},
file = {:E$\backslash$:/Users/Jerri/Downloads/tlc2272.pdf:pdf},
title = {{TLC227x , TLC227xA : Advanced LinCMOS Rail-to-Rail Operational Amplifiers PACKAGE}},
year = {2016}
}
@article{TL081,
author = {{Texas Instruments}},
file = {:E$\backslash$:/Users/Jerri/Downloads/tl081.pdf:pdf},
title = {{TL08xx JFET-Input Operational Amplifiers}},
volume = {082},
year = {2015}
}
@article{LM7805,
author = {{Fairchild Semiconductors}},
file = {:E$\backslash$:/Users/Jerri/Downloads/MC78L05.pdf:pdf},
number = {March},
pages = {1--13},
title = {{MC78LXXA / LM78LXXA 3-Terminal 0 . 1 A Positive Voltage Regulator}},
year = {2013}
}
@article{LM2595,
author = {{Texas Instruments}},
file = {:E$\backslash$:/Users/Jerri/Downloads/lm2595.pdf:pdf},
number = {December},
title = {{LM2595 SIMPLE SWITCHER Power Converter 150 kHz 1A Step-Down Voltage Regulator SIMPLE SWITCHER {\textregistered} Power Converter 150 kHz 1A Step-Down Voltage Regulator}},
year = {1999}
}
